@misc{miao12,
    author  = "Yun Miao",
    title = "CS129 Final Project: Cylindrical Panorama",
    month = "Dec",
    year = "2012",
    url = "http://cs.brown.edu/courses/cs129/results/final/yunmiao/",
    note = "Brown Cylindrical Panorama Stitching Final Project"
}

@misc{dektar12, 
    author = "Katie Dektar and Marc Levoy and Andrew Adams",
    title = "Cylindrical Panoramas",
    year = "2012",
    url = "https://graphics.stanford.edu/courses/cs178-10/applets/projection.html",
    note = "Stanford Cylindrical Panoramas Applet"
}

@misc{dyer,
    author = "Andrew Dyer",
    title = "CS638 HW4 References",
    url = "http://pages.cs.wisc.edu/~dyer/cs534/hw/hw4/cylindrical.pdf",
    note = "WisC Inverse Cylindrical Projection Formulas"
}

@misc{seitz,
    author = "S. Seitz and R. Collins and J. Hays and K. Grauman and C. Choi and C. Brunner and R. Szeliski and L. Zitnick",
    title = "Homography, Transforms,
    Mosaics",
    url = "http://www.cs.columbia.edu/~allen/F17/NOTES/homography_pka.pdf",
    note = "Columbia Homography Matrix Reference"
}

@article{sadekar20,
    author = "Kaustubh Sadekar and Satya Mallick",
    title = "Camera Calibration using OpenCV",
    journal = "Learn OpenCV",
    year = "2020",
    url = "https://www.learnopencv.com/camera-calibration-using-opencv/",
    note = "Camera Calibration"
}

@misc{kari10,
    title = "Panoramas",
    author = "Kari Pulli",
    url = "https://graphics.stanford.edu/courses/cs448a-10/kari-panoramas-02mar10-opt.pdf",
    notes = "Notes on Cylindrical Projection for 360 Panoramas"
}